@comment{% This file was created with JabRef 2.10b2.dao
% Encoding: UTF-8}


@article{2020SciPy-NMeth,
    adsurl  = {https://rdcu.be/b08Wh},
    author  = {Pauli {Virtanen} and Ralf {Gommers} and Travis E.
{Oliphant} and Matt {Haberland} and Tyler {Reddy} and
David {Cournapeau} and Evgeni {Burovski} and Pearu
{Peterson} and Warren {Weckesser} and Jonathan {Bright}
and St{\'e}fan J. {van der Walt} and Matthew {Brett}
and Joshua {Wilson} and K. {Jarrod Millman} and Nikolay
{Mayorov} and Andrew R.~J. {Nelson} and Eric {Jones}
and Robert {Kern} and Eric {Larson} and CJ {Carey} and
{\.I}lhan {Polat} and Yu {Feng} and Eric W. {Moore} and
Jake {Vand erPlas} and Denis {Laxalde} and Josef
{Perktold} and Robert {Cimrman} and Ian {Henriksen} and
E.~A. {Quintero} and Charles R {Harris} and Anne M.
{Archibald} and Ant{\^o}nio H. {Ribeiro} and Fabian
{Pedregosa} and Paul {van Mulbregt} and SciPy 1. 0
{Contributors}},
    journal = {Nature Methods},
    pages   = {261--272},
    title   = {{SciPy 1.0: Fundamental Algorithms for Scientific
Computing in Python}},
    volume  = {17},
    year    = {2020}
}
@article{adan2017flow,
    author    = {Aysun Adan and G{\"u}nel Alizada and Ya{\u{g}}mur
Kiraz and Yusuf Baran and Ayten Nalbant},
    journal   = {Critical Reviews in Biotechnology},
    number    = {2},
    pages     = {163--176},
    publisher = {Taylor \& Francis},
    title     = {Flow Cytometry: Basic Principles and Applications},
    volume    = {37},
    year      = {2017}
}
@article{ale2013general,
    author    = {Angelique Ale and Paul Kirk and Michael PH Stumpf},
    journal   = {The Journal of Chemical Physics},
    number    = {17},
    pages     = {174101},
    publisher = {\acsfont{AIP}},
    title     = {A General Moment Expansion Meth\-od for Stochastic
Kinetic Models},
    volume    = {138},
    year      = {2013}
}
@article{amparore2013backward,
    author  = {Elvio Gilberto Amparore and Susanna Donatelli},
    journal = {Electronic Notes on Theoretical Computer Science},
    pages   = {7--26},
    title   = {Backward Solution of {M}arkov Chains and {M}arkov Regenerative Processes: Formalization and Applications},
    volume  = {296},
    year    = {2013}
}
@article{anderson2010product,
    author    = {David F Anderson and Gheorghe Craciun and Thomas G
Kurtz},
    journal   = {Bulletin of Mathematical Biology},
    number    = {8},
    pages     = {1947--1970},
    publisher = {Springer},
    title     = {Product-Form Stationary Distributions for Deficiency
Zero Chemical Reaction Networks},
    volume    = {72},
    year      = {2010}
}
@inproceedings{anderson2011continuous,
    author    = {David F Anderson and Thomas G Kurtz},
    booktitle = {Design and Analysis of Biomolecular Circuits},
    pages     = {3--42},
    publisher = {Springer},
    title     = {Continuous Time {Markov} Chain Models for Chemical
Reaction Networks},
    year      = {2011}
}
@book{anderson2012continuous,
    author    = {William J Anderson},
    publisher = {Spring\-er Science \& Business Media},
    title     = {Continuous-Time {M}arkov Chains: An
Applications-Oriented Approach},
    year      = {2012}
}
@article{anderson2018low,
    author    = {David F Anderson and Chaojie Yuan},
    journal   = {Bulletin of Mathematical Biology},
    pages     = {1--29},
    publisher = {Springer},
    title     = {Low Variance Couplings for Stochastic Models of
Intracellular Processes with Time-Dependent Rate
Functions},
    year      = {2018}
}
@article{andreychenko2010fly,
    author  = {Aleksandr Andreychenko and Pepijn Crouzen and Linar
Mikeev and Verena Wolf},
    journal = {arXiv preprint arXiv:1006.4425},
    title   = {On-the-Fly Uniformization of Time-Inhomogeneous
Infinite {M}arkov Population Models},
    year    = {2010}
}
@inproceedings{andreychenko2011parameter,
    author    = {Aleksandr Andreychenko and Linar Mikeev and David
Spieler and Verena Wolf},
    booktitle = {International Conference on Computer Aided
Verification},
    pages     = {83--98},
    publisher = {Springer},
    series    = {Lecture {N}otes in {C}omputer {S}cience},
    title     = {Parameter Identification for {M}arkov Models of
Biochemical Reactions},
    volume    = {6806},
    year      = {2011}
}
@article{andreychenko2015reconstruction,
    author    = {Aleksandr Andreychenko and Linar Mikeev and Verena
Wolf},
    journal   = {Journal of Coupled Systems and Multiscale Dynamics},
    number    = {2},
    pages     = {156--163},
    publisher = {American Scientific Publishers},
    title     = {Reconstruction of Multimodal Distributions for Hybrid
Mom\-ent-Based Chemical Kinetics},
    volume    = {3},
    year      = {2015}
}
@incollection{andreychenko2017distribution,
    author    = {Aleksandr Andreychenko and Luca Bortolussi and Ramon
Grima and Philipp Thomas and Verena Wolf},
    booktitle = {Modeling Cellular Systems},
    pages     = {39--66},
    publisher = {Springer},
    title     = {Distribution Approximations for the Chemical Master
Equation: Comparison of the Method of Moments and the
System Size Expansion},
    year      = {2017}
}
@article{asgari2019mathematical,
    author    = {Asgari-Targhi, Ameneh and Klerman, Elizabeth B},
    journal   = {Wiley Interdisciplinary Reviews: Systems Biology and Medicine},
    number    = {2},
    pages     = {e1439},
    publisher = {Wiley Online Library},
    title     = {Mathematical Modeling of Circadian Rhythms},
    volume    = {11},
    year      = {2019}
}
@inproceedings{aziz1996verifying,
    author    = {Adnan Aziz and Kumud Sanwal and Vigyan Singhal and
Robert Brayton},
    booktitle = {International Conference on Computer Aided
Verification},
    pages     = {269--276},
    publisher = {Springer},
    series    = {Lecture {N}otes in {C}omputer {S}cience},
    title     = {Verifying Continuous Time {M}arkov Chains},
    volume    = {1102},
    year      = {1996}
}
@inproceedings{backenkohler2016generalized,
    author    = {Michael Backenk{\"o}hler and Luca Bortolussi and
Verena Wolf},
    booktitle = {International Conference on Computational Methods in
Systems Biology},
    pages     = {15--29},
    publisher = {Springer},
    series    = {Lecture {Notes} in {Computer} {Science}},
    title     = {Generalized Method of Moments for Stochastic Reaction
Networks in Equilibrium},
    volume    = {9859},
    year      = {2016}
}
@article{backenkohler2018moment,
    author    = {Michael Backenk{\"o}hler and Luca Bortolussi and
Verena Wolf},
    journal   = {\acsfont{IEEE}/\acsfont{ACM} Transactions on
Computational Biology and Bioinformatics},
    number    = {4},
    pages     = {1180--1192},
    publisher = {\acsfont{IEEE} Computer Society Press},
    title     = {Mo\-ment-Based Parameter Estimation for Stochastic
Reaction Networks in Equilibrium},
    volume    = {15},
    year      = {2018}
}
@inproceedings{backenkohler2019bounding,
    author    = {Michael Backenk{\"{o}}hler and Luca Bortolussi and
Verena Wolf},
    booktitle = {17th International Conference on Quantitative
Evaluation of {SysTems}},
    pages     = {155--174},
    publisher = {Springer},
    series    = {Lecture {N}otes in {C}omputer {S}cience},
    title     = {Bounding Mean First Passage Times in Population
Con\-tin\-uous-Time {Markov} Chains},
    volume    = {12289},
    year      = {2020}
}
@inproceedings{backenkohler2019control,
    author    = {Michael Backenk{\"{o}}hler and Luca Bortolussi and
Verena Wolf},
    booktitle = {17th International Conference on Computational Methods
in Systems Biology},
    pages     = {42--59},
    publisher = {Springer},
    series    = {Lecture {N}otes in {C}omputer {S}cience},
    title     = {Control Variates for Stochastic Simulation of Chemical
Reaction Networks},
    volume    = {11773},
    year      = {2019}
}
@inproceedings{backenkohler2020analysis,
    author    = {Michael Backenk{\"o}hler and Luca Bortolussi and
Gerrit Gro{\ss}mann and Verena Wolf},
    booktitle = {27th International Conference on Tools and Algorithms
for the Construction and Analysis of Systems},
    pages     = {210--229},
    publisher = {Springer},
    series    = {Lecture {N}otes in {C}omputer {S}cience},
    title     = {Analysis of {Markov} Jump Processes under Terminal
Constraints},
    volume    = {12651},
    year      = {2021}
}
@inproceedings{backenkohler2020birth,
    author    = {Michael Backenk{\"{o}}hler and Gerrit Gro{\ss}mann},
    booktitle = {7th International Workshop on Hybrid Systems and
Biology},
    title     = {Birth-Death Processes Reproduce the Infection
Footprint of Complex Networks},
    year      = {2020}
}
@inproceedings{backenkohler2021abstraction,
    author    = {Michael Backenk{\"{o}}hler and Luca Bortolussi and
Gerrit Gro{\ss}mann and Verena Wolf},
    booktitle = {18th International Conference on Quantitative
Evaluation of {SysTems}},
    pages     = {351--371},
    publisher = {Springer},
    series    = {Lecture {N}otes in {C}omputer {S}cience},
    title     = {Abstraction-Guided Truncations for Stationary
Distributions of Markov Population Models},
    volume    = {12846},
    year      = {2021}
}
@inproceedings{backenkohler2021variance,
    author    = {Michael Backenk{\"{o}}hler and Luca Bortolussi and
Verena Wolf},
    booktitle = {Principles of Systems Design -- Essays Dedicated to Thomas A. Henzinger on the Occasion of His 60th Birthday},
    publisher = {Springer},
    series    = {Lecture {N}otes in {C}omputer {S}cience},
    title     = {Variance Reduction in Stochastic Reaction Networks
using Control Variates},
    volume    = {13660},
    year      = {2022}
}
@inproceedings{baier2000model,
    author    = {Christel Baier and Boudewijn Haverkort and Holger
Hermanns and Joost-Pieter Katoen},
    booktitle = {International Conference on Computer Aided
Verification},
    pages     = {358--372},
    publisher = {Springer},
    series    = {Lecture {N}otes in {C}omputer {S}cience},
    title     = {Model Checking Continuous-Time {M}arkov Chains by
Transient Analysis},
    volume    = {1855},
    year      = {2000}
}
@article{baier2003model,
    author    = {Christel Baier and Boudewijn Haverkort and Holger
Hermanns and Joost-Pieter Katoen},
    journal   = {\acsfont{IEEE} Transactions on Software Engineering},
    number    = {6},
    pages     = {524--541},
    publisher = {\acsfont{IEEE}},
    title     = {Model-Checking Algorithms for Con\-tin\-uous-Time
{M}arkov Chains},
    volume    = {29},
    year      = {2003}
}
@article{barzel2008calculation,
    author    = {Baruch Barzel and Ofer Biham},
    journal   = {Physical Review E},
    number    = {4},
    pages     = {041919},
    publisher = {\acsfont{APS}},
    title     = {Calculation of Switching Times in the Genetic Toggle
Switch and other Bistable Systems},
    volume    = {78},
    year      = {2008}
}
@phdthesis{beentjes2021a,
    author    = {Beentjes, Casper},
    publisher = {University of Oxford},
    school    = {University of Oxford},
    title     = {Variance Reduction Techniques for Chemical Reaction Network Simulation},
    year      = {2021}
}
@article{beica2020tropical,
    author    = {Beica, Andreea and Feret, J{\'e}r{\^o}me and Petrov, Tatjana},
    journal   = {Electronic Notes in Theoretical Computer Science},
    pages     = {3--32},
    publisher = {Elsevier},
    title     = {Tropical Abstraction of Biochemical Reaction Networks with Guarantees},
    volume    = {350},
    year      = {2020}
}
@article{bel2009simplicity,
    author    = {Golan Bel and Brian Munsky and Ilya Nemenman},
    journal   = {Physical Biology},
    number    = {1},
    pages     = {016003},
    publisher = {\acsfont{IOP} Publishing},
    title     = {The Simplicity of completion Time Distributions for
Common Complex Biochemical Processes},
    volume    = {7},
    year      = {2009}
}
@article{BENTRIOU2021191,
    author    = {Mahmoud Bentriou and Paolo Ballarini and Paul-Henry Cournède},
    journal   = {Theoretical Computer Science},
    pages     = {191--219},
    publisher = {Elsevier},
    title     = {Automaton-\acsfont{ABC}: A Statistical Method to Estimate the Probability of Spatio-Temporal Properties for Parametric Markov Population Models},
    volume    = {893},
    year      = {2021}
}
@book{bernardo2016,
    editor    = {Marco Bernardo and Rocco De Nicola and Jane Hillston},
    publisher = {Springer},
    series    = {Lecture {Notes} in {Computer} {Science}},
    title     = {Formal {Methods} for the {Quantitative} {Evaluation}
of {Collective} {Adaptive} {Systems}},
    volume    = {9700},
    year      = {2016}
}
@inproceedings{bogomolov2015adaptive,
    author    = {Sergiy Bogomolov and Thomas A Henzinger and Andreas
Podelski and Jakob Ruess and Christian Schil\-ling},
    booktitle = {International Conference on Computational Methods in
Systems Biology},
    pages     = {77--89},
    publisher = {Springer},
    series    = {Lecture Notes in Computer Science},
    title     = {Ad\-aptive Moment Closure for Parameter Inference of
Biochemical Reaction Networks},
    volume    = {9308},
    year      = {2015}
}
@article{Bortolussi18infcomp,
    author  = {Luca Bortolussi and Roberta Lanciani and Laura Nenzi},
    journal = {Information and Computation},
    pages   = {189--220},
    title   = {Model Checking Markov Population Models by Stochastic
Approximations},
    volume  = {262},
    year    = {2018}
}
@article{bortolussi2013continuous,
    author     = {Luca Bortolussi and Jane Hillston and Diego Latella
and Mieke Massink},
    journal    = {Performance Evaluation},
    keywords   = {Deterministic approximation, Fluid approximation,
{M}arkov chains, Mean field approximation, Stochastic
process algebras},
    number     = {5},
    pages      = {317--349},
    publisher  = {Elsevier},
    shorttitle = {Continuous Approximation of Collective System
Behaviour},
    title      = {Continuous Approximation of Collective System
Behaviour: {A} Tutorial},
    volume     = {70},
    year       = {2013}
}
@inproceedings{bortolussi2013model,
    author    = {Luca Bortolussi and Roberta Lanciani},
    booktitle = {International Conference on Quantitative Evaluation of
Systems},
    pages     = {123--138},
    publisher = {Springer},
    title     = {Model Checking {M}arkov Population Models by Central
Limit Approximation},
    year      = {2013}
}
@inproceedings{bortolussi2014stochastic,
    author    = {Luca Bortolussi and Roberta Lanciani},
    booktitle = {Computer Performance Engineering - 11th European
Workshop},
    pages     = {224--239},
    title     = {Sto\-chastic Approximation of Global Reachability
Probabilities of {M}arkov Population Models},
    year      = {2014}
}
@inproceedings{bortolussi2015efficient,
    author    = {Luca Bortolussi and Dimitrios Milios and Guido
Sanguinetti},
    booktitle = {International Conference on Computational Methods in
Systems Biology},
    pages     = {40--51},
    publisher = {Springer},
    series    = {Lecture Notes in Computer Science},
    title     = {Efficient Stochastic Simulation of Systems with
Multiple Time Scales via Statistical Abstraction},
    volume    = {9308},
    year      = {2015}
}
@article{bortolussi2020fluid,
    author    = {Luca Bortolussi and Jane Hillston and Michele Loreti},
    journal   = {Theoretical Computer Science},
    pages     = {221--248},
    publisher = {Elsevier},
    title     = {Fluid Approximation of Broadcasting Systems},
    volume    = {816},
    year      = {2020}
}
@book{breuer2003markov,
    author    = {Lothar Breuer},
    publisher = {Kluwer Academic Publishers},
    title     = {From {M}arkov Jump Processes to Spatial Queues},
    year      = {2003}
}
@inproceedings{brim2013model,
    author       = {Brim, Lubo{\v{s}} and {\v{C}}e{\v{s}}ka, Milan and {\v{S}}afr{\'a}nek, David},
    booktitle    = {International School on Formal Methods for the Design of Computer, Communication and Software Systems},
    organization = {Springer},
    pages        = {63--112},
    series       = {Lecture {N}otes in {C}omputer {S}cience},
    title        = {Model checking of biological systems},
    volume       = {7938},
    year         = {2013}
}
@book{broemeling2017bayesian,
    author    = {Lyle D Broemeling},
    publisher = {\acsfont{CRC} Press},
    title     = {Bayes\-ian Inference for Stochastic Processes},
    year      = {2017}
}
@article{buchholz1994exact,
    author    = {Peter Buchholz},
    journal   = {Journal of Applied Probability},
    pages     = {59--75},
    publisher = {\acsfont{JSTOR}},
    title     = {Exact and Ordinary Lumpability in Finite {M}arkov
Chains},
    year      = {1994}
}
@article{BuchWolkenhauer,
    author  = {Mukhtar Ullah and Olaf Wolkenhauer},
    journal = {Wiley Interdisciplinary Reviews. Systems Biology and
Medicine},
    month   = {07},
    pages   = {385--97},
    title   = {Stochastic Approaches for Systems Biology},
    volume  = {2},
    year    = {2009}
}
@inproceedings{budde2017better,
    author    = {Budde, Carlos E and D’Argenio, Pedro R and Hartmanns, Arnd},
    booktitle = {International Symposium on Dependable Software Engineering: Theories, Tools, and Applications},
    pages     = {42--58},
    publisher = {Springer},
    title     = {Better Automated Importance Splitting for Transient Rare Events},
    year      = {2017}
}
@article{byrne1975polyalgorithm,
    author    = {George D. Byrne and Alan C. Hindmarsh},
    journal   = {\acsfont{ACM} Transactions on Mathematical Software},
    number    = {1},
    pages     = {71--96},
    publisher = {\acsfont{ACM}},
    title     = {A Polyalgorithm for the Numerical Solution of Ordinary
Differential Equations},
    volume    = {1},
    year      = {1975}
}
@article{cao1985iterative,
    author    = {Wei-Lu Cao and William J Stewart},
    journal   = {Journal of the \acsfont{ACM}},
    number    = {3},
    pages     = {702--719},
    publisher = {\acsfont{ACM}},
    title     = {Iterative {Aggregation/Disaggregation} Techniques for
Nearly Uncoupled {Markov} Chains},
    volume    = {32},
    year      = {1985}
}
@article{cao2005slow,
    author    = {Yang Cao and Daniel T Gillespie and Linda R Petzold},
    journal   = {The Journal of Chemical Physics},
    number    = {1},
    pages     = {014116},
    publisher = {\acsfont{AIP}},
    title     = {The Slow-Scale Stochastic Simulation Algorithm},
    volume    = {122},
    year      = {2005}
}
@article{cao2006efficient,
    author    = {Yang Cao and Daniel T Gillespie and Linda R Petzold},
    journal   = {The Journal of Chemical Physics},
    number    = {4},
    pages     = {044109},
    publisher = {American Institute of Physics},
    title     = {Efficient Step Size Selection for the Tau-Leaping
Simulation Method},
    volume    = {124},
    year      = {2006}
}
@article{cardelli2012cell,
    author    = {Luca Cardelli and Attila Csik{\'a}sz-Nagy},
    journal   = {Scientific reports},
    pages     = {656},
    publisher = {Nature Publishing Group},
    title     = {The Cell Cycle Switch Computes Approximate Majority},
    volume    = {2},
    year      = {2012}
}
@inproceedings{caris2005selection,
    author    = {An Caris and Gerrit Janssens},
    booktitle = {European Simulation and Modeling Conference},
    pages     = {19--24},
    title     = {Selection of Control Variates for Variance Reduction in a Multiresponse Simulation with a Small Number of Replications},
    year      = {2005}
}
@inproceedings{ceska2019semi,
    author    = {Milan {\v{C}}e{\v{s}}ka and Jan
Kret{\'{\i}}nsk{\'{y}}},
    booktitle = {International Confernce on Computer Aided
Verification},
    pages     = {475--496},
    publisher = {Springer},
    series    = {Lecture {N}otes in {C}omputer {S}cience},
    title     = {Semi-quan\-ti\-ta\-tive Abstraction and Analysis of
Chemical Reaction Networks},
    volume    = {11561},
    year      = {2019}
}
@inproceedings{chen2009quantitative,
    author       = {Taolue Chen and Tingting Han and Joost-Pieter Katoen
and Alexandru Mereacre},
    booktitle    = {2009 24th \acsfont{IEEE} Symposium on Logic In
Computer Science},
    organization = {\acsfont{IEEE}},
    pages        = {309--318},
    title        = {Quantitative Model Checking of Continuous-Time
{M}arkov Chains Against Timed Automata Specifications},
    year         = {2009}
}
@inproceedings{chen2011time,
    author    = {Taolue Chen and Marco Diciolla and Marta Kwiatkow\-ska
and Alexandru Mereacre},
    booktitle = {International Conference on Formal Modeling and
Analysis of Timed Systems},
    pages     = {26--42},
    publisher = {Springer},
    title     = {Time-Bounded Verification of {\acsfont{CTMC}s} Against
Real-Time Specifications},
    year      = {2011}
}
@article{cheng1978analysis,
    author    = {Russell CH Cheng},
    journal   = {Journal of the Operational Research Society},
    number    = {5},
    pages     = {493--497},
    publisher = {Taylor \& Francis},
    title     = {Analysis of Simulation Experiments Under Normality
Assumptions},
    volume    = {29},
    year      = {1978}
}
@article{chong2017path,
    author    = {Chong, Lillian T and Saglam, Ali S and Zuckerman, Daniel M},
    journal   = {Current Opinion in Structural Biology},
    pages     = {88--94},
    publisher = {Elsevier},
    title     = {Path-Sampling Strategies for Simulating Rare Events in Bio\-mo\-le\-cular Systems},
    volume    = {43},
    year      = {2017}
}
@software{cme-simulation-github,
    author    = {Michael Backenk{\"{o}}hler},
    journal   = {GitHub repository},
    publisher = {GitHub},
    title     = {Stochastic Simulation and \acsfont{LCV} Estimation
Code},
    url       = {https://github.com/mbackenkoehler/cme-simulation},
    urldate   = {\today},
    year      = {2019}
}
@article{cvxpy,
    author  = {Steven Diamond and Stephen Boyd},
    journal = {Journal of Machine Learning Research},
    number  = {83},
    pages   = {1--5},
    title   = {{\acsfont{CVXPY}}: A {P}ython-Em\-bed\-ded Modeling
Language for Convex Optimization},
    volume  = {17},
    year    = {2016}
}
@article{daigle2011automated,
    author    = {Bernie J {Daigle Jr} and Min K Roh and Dan T Gillespie
and Linda R Petzold},
    journal   = {The Journal of Chemical Physics},
    number    = {4},
    pages     = {01B628},
    publisher = {American Institute of Physics},
    title     = {Automated Estimation of Rare Event Probabilities in
Biochemical Systems},
    volume    = {134},
    year      = {2011}
}
@article{david2015statistical,
    author    = {Alexandre David and Kim G Larsen and Axel Legay and
Marius Miku{\v{c}}ionis and Danny B{\o}gsted Poulsen
and Sean Sedwards},
    journal   = {International Journal on Software Tools for Technology
Transfer},
    number    = {3},
    pages     = {351--367},
    publisher = {Springer},
    title     = {Statistical Model Checking for Biological Systems},
    volume    = {17},
    year      = {2015}
}
@article{dayar1997quasi,
    author    = {Tu{\u{g}}rul Dayar and William J Stewart},
    journal   = {\acsfont{SIAM} Journal on Matrix Analysis and
Applications},
    number    = {2},
    pages     = {482--498},
    publisher = {\acsfont{SIAM}},
    title     = {Quasi Lumpability, Lower-Bounding Coupling Matrices,
and Nearly Completely Decomposable {M}ar\-kov Chains},
    volume    = {18},
    year      = {1997}
}
@article{dayar2011bounding,
    author    = {Tu{\u{g}}rul Dayar and Holger Hermanns and David
Spieler and Verena Wolf},
    journal   = {Numerical Linear Algebra with Applications},
    number    = {6},
    pages     = {931--946},
    publisher = {Wiley Online Library},
    title     = {Bounding the Equilibrium Distribution of {M}arkov
Population Models},
    volume    = {18},
    year      = {2011}
}
@inproceedings{dehnert2017storm,
    author    = {Christian Dehnert and Sebastian Junges and
Joost-Pieter Katoen and Matthias Volk},
    booktitle = {International Conference on Computer Aided
Verification},
    pages     = {592--600},
    publisher = {Springer},
    series    = {Lecture {N}otes in {C}omputer {S}cience},
    title     = {A Storm is Coming: A Modern Probabilistic Model
Checker},
    volume    = {10427},
    year      = {2017}
}
@article{dowdy2018bounds,
    author    = {Garrett R Dowdy and Paul I Barton},
    journal   = {The Journal of Chemical Physics},
    number    = {8},
    pages     = {084106},
    publisher = {\acsfont{AIP} Publishing},
    title     = {Bounds on Stochastic Chemical Kinetic Systems at
Steady State},
    volume    = {148},
    year      = {2018}
}
@article{dowdy2018dynamic,
    author    = {Garrett R Dowdy and Paul I Barton},
    journal   = {The Journal of Chemical Physics},
    number    = {7},
    pages     = {074103},
    publisher = {\acsfont{AIP} Publishing},
    title     = {Dynamic Bounds on Stochastic Chemical Kinetic Systems
using Semidefinite Programming},
    volume    = {149},
    year      = {2018}
}
@article{engblom2006computing,
    author    = {Stefan Engblom},
    journal   = {Applied Mathematics and Computation},
    number    = {2},
    pages     = {498--515},
    publisher = {Elsevier},
    title     = {Computing the Moments of High Dimensional Solutions of
the Master Equation},
    volume    = {180},
    year      = {2006}
}
@article{engblom2014stability,
    author  = {Stefan Engblom},
    journal = {Applied Mathematics},
    pages   = {3217--3239},
    title   = {On the Stability of Stochastic Jump Kinetics},
    volume  = {5},
    year    = {2014}
}
@book{ethier2009markov,
    author    = {Stewart N Ethier and Thomas G Kurtz},
    publisher = {John Wiley \& Sons},
    title     = {Markov Processes: Characterization and Convergence},
    volume    = {282},
    year      = {2009}
}
@book{feller,
    author    = {William Feller},
    publisher = {Wiley \& Sons},
    title     = {An Introduction to Probability Theory and Its
Applications},
    year      = {1971}
}
@article{fluidMC_2015,
    author    = {Luca Bortolussi and Jane Hillston},
    journal   = {Information and Computation},
    pages     = {183--226},
    publisher = {Elseview},
    title     = {Model Checking Single Agent Behaviours by Fluid
Approximation},
    volume    = {242},
    year      = {2015}
}
@book{freedman2009statistical,
    author    = {Freedman, David A},
    publisher = {Cambridge University Press},
    title     = {Statistical Models: Theory and Practice},
    year      = {2009}
}
@inproceedings{garvels1998comparison,
    author       = {Garvels, Marnix JJ and Kroese, Dirk P},
    booktitle    = {1998 Winter Simulation Conference},
    organization = {\acsfont{IEEE}},
    pages        = {601--608},
    title        = {A Comparison of \acsfont{RESTART} Implementations},
    volume       = {1},
    year         = {1998}
}
@article{gast2019,
    author   = {Nicolas Gast and Luca Bortolussi and Mirco
Tribastone},
    journal  = {Performance Evaluation},
    keywords = {Load balancing, Mean field approximation, System size
expansion},
    pages    = {60--80},
    title    = {Size Expansions of Mean Field Approximation:
{Transient} and Steady-State Analysis},
    volume   = {129},
    year     = {2019}
}
@article{geiger2014optimal,
    author    = {Geiger, Bernhard C and Petrov, Tatjana and Kubin, Gernot and Koeppl, Heinz},
    journal   = {\acsfont{IEEE} Transactions on Automatic Control},
    number    = {4},
    pages     = {1010--1022},
    publisher = {\acsfont{IEEE}},
    title     = {Optimal Kullback-Leibler Aggregation via Information Bottleneck},
    volume    = {60},
    year      = {2014}
}
@software{geobound,
    author  = {David Spieler},
    title   = {Geobound},
    url     = {https://mosi.uni-saarland.de/tools/geobound},
    urldate = {\today},
    year    = {2010}
}
@article{geva2006oscillations,
    author    = {Naama Geva-Zatorsky and Nitzan Rosenfeld and Shalev
Itzkovitz and Ron Milo and Alex Sigal and Erez Dekel
and Talia Yarnitzky and Yuvalal Liron and Paz Polak and
Galit Lahav and others},
    journal   = {Molecular Systems Biology},
    number    = {1},
    pages     = {2006--0033},
    publisher = {John Wiley \& Sons},
    title     = {Oscillations and Variability in the p53 System},
    volume    = {2},
    year      = {2006}
}
@inproceedings{ghusinga2017estimating,
    author       = {Khem Raj Ghusinga and Andrew Lamperski and Abhyudai
Singh},
    booktitle    = {European Control Conference},
    organization = {\acsfont{IEEE}},
    pages        = {2720--2725},
    title        = {Estimating Stationary Characteristic Functions of
Stochastic Systems via Semidefinite Programming},
    year         = {2018}
}
@article{ghusinga2017exact,
    author    = {Khem Raj Ghusinga and Cesar A Vargas-Garcia and Andrew
Lamperski and Abhyudai Singh},
    journal   = {Physical Biology},
    number    = {4},
    pages     = {04\acsfont{LT}01},
    publisher = {\acsfont{IOP} Publishing},
    title     = {Exact Lower and Upper Bounds on Stationary Moments in
Sto\-chastic Biochemical Systems},
    volume    = {14},
    year      = {2017}
}
@article{ghusinga2020moment,
    author    = {Khem Raj Ghusinga and Andrew Lamperski and Abhyudai
Singh},
    journal   = {Automatica},
    pages     = {108634},
    publisher = {Elsevier},
    title     = {Moment Analysis of Stochastic Hybrid Systems Using
Semidefinite Programming},
    volume    = {112},
    year      = {2020}
}
@book{gihmantheory,
    author    = {Iosif I Gihman and Anatoli V Skorohod},
    publisher = {Springer},
    title     = {The Theory of Stochastic Processes {II}},
    year      = {1975}
}
@article{gillespie1977exact,
    author    = {Daniel T Gillespie},
    journal   = {The Journal of Physical Chemistry},
    number    = {25},
    pages     = {2340--2361},
    publisher = {\acsfont{ACS} Publications},
    title     = {Exact Stochastic Simulation of Coupled Chemical
Reactions},
    volume    = {81},
    year      = {1977}
}
@article{gillespie2000chemical,
    author    = {Daniel T Gillespie},
    journal   = {The Journal of Chemical Physics},
    number    = {1},
    pages     = {297--306},
    publisher = {\acsfont{AIP}},
    title     = {The Chemical Langevin Equation},
    volume    = {113},
    year      = {2000}
}
@article{gillespie2001approximate,
    author    = {Daniel T Gillespie},
    journal   = {The Journal of Chemical Physics},
    number    = {4},
    pages     = {1716--1733},
    publisher = {\acsfont{AIP}},
    title     = {Approximate Accelerated Sto\-chastic Simulation of
Chemically Reacting Systems},
    volume    = {115},
    year      = {2001}
}
@article{glasserman2005large,
    author    = {Paul Glasserman and Bin Yu},
    journal   = {Operations Research},
    number    = {2},
    pages     = {298--312},
    publisher = {\acsfont{INFORMS}},
    title     = {Large Sample Properties of Weighted Monte Carlo
Estimators},
    volume    = {53},
    year      = {2005}
}
@article{golightly2005bayesian,
    author    = {Andrew Golightly and Darren J Wilkinson},
    journal   = {Biometrics},
    number    = {3},
    pages     = {781--788},
    publisher = {Wiley Online Library},
    title     = {Bayes\-ian Inference for Stochastic Kinetic Models
using a Diffusion Approximation},
    volume    = {61},
    year      = {2005}
}
@article{golightly2011bayesian,
    author    = {Andrew Golightly and Darren J Wilkinson},
    journal   = {Interface focus},
    number    = {6},
    pages     = {807--820},
    publisher = {The Royal Society},
    title     = {Bayes\-ian Parameter Inference for Stochastic
Biochemical Network Models using Particle {M}arkov
Chain Monte Carlo},
    volume    = {1},
    year      = {2011}
}
@article{golightly2019efficient,
    author    = {Andrew Golightly and Chris Sherlock},
    journal   = {Statistics and Computing},
    number    = {5},
    pages     = {1149--1163},
    publisher = {Springer},
    title     = {Efficient Sampling of Conditioned {M}arkov Jump
Processes},
    volume    = {29},
    year      = {2019}
}
@article{goodman2009coupling,
    author    = {Jonathan B Goodman and Kevin K Lin},
    journal   = {Journal of Computational Physics},
    number    = {19},
    pages     = {7127--7136},
    publisher = {Elsevier},
    title     = {Coupling Control Variates for Markov Chain Monte
Carlo},
    volume    = {228},
    year      = {2009}
}
@inproceedings{grossmann2020importance,
    author    = {Gerrit Gro{\ss}mann and Michael Backenk{\"{o}}hler and
Verena Wolf},
    booktitle = {17th International Conference on Quantitative
Evaluation of {SysTems}},
    pages     = {211--229},
    publisher = {Springer},
    series    = {Lecture {N}otes in {C}omputer {S}cience},
    title     = {Importance of Interaction Structure and Stochasticity
for Epidemic Spreading: A {\acsfont{COVID}-19} Case
Study},
    volume    = {12289},
    year      = {2020}
}
@article{grossmann2021heterogeneity,
    author    = {Gerrit Gro{\ss}mann and Michael Backenk{\"o}hler and
Verena Wolf},
    journal   = {\acsfont{PLoS} one},
    number    = {7},
    pages     = {e0250050},
    publisher = {Public Library of Science},
    title     = {Heterogeneity Matters: Contact Structure and
Individual Variation Shape Epidemic Dynamics},
    volume    = {16},
    year      = {2021}
}
@article{gupta2014scalable,
    author    = {Ankit Gupta and Corentin Briat and Mustafa Khammash},
    journal   = {\acsfont{PLoS} Computational Biology},
    number    = {6},
    pages     = {e1003669},
    publisher = {Public Library of Science},
    title     = {A Scalable Computational Framework for Establishing
Long-Term Behavior of Stochastic Reaction Networks},
    volume    = {10},
    year      = {2014}
}
@article{gupta2017finite,
    author    = {Ankit Gupta and Jan Mikelson and Mustafa Khammash},
    journal   = {The Journal of Chemical Physics},
    number    = {15},
    pages     = {154101},
    publisher = {\acsfont{AIP} Publishing},
    title     = {A Finite State Projection Algorithm for the Stationary
Solution of the Chemical Master Equation},
    volume    = {147},
    year      = {2017}
}
@misc{gurobi,
    author = {{Gurobi Optimization, \acsfont{LLC}}},
    title  = {{Gurobi Optimizer Reference Manual}},
    url    = {https://www.gurobi.com},
    year   = {2021}
}
@inproceedings{hajnal2019data,
    author    = {Matej Hajnal and Morgane Nouvian and David
{\v{S}}afr{\'a}\-nek and Tatjana Petrov},
    booktitle = {International Workshop on Hybrid Systems Biology},
    pages     = {147--164},
    publisher = {Springer},
    title     = {Data-Informed Parameter Synthesis for Population
{M}arkov Chains},
    year      = {2019}
}
@inproceedings{hasenauer2009guaranteed,
    author    = {Jan Hasenauer and Philipp Rumschinski and Steffen
Waldherr and Steffen Borchers and Frank Allg{\"o}wer
and Rolf Findeisen},
    booktitle = {7th \acsfont{IFAC} Symposium on Advanced Control of
Chemical Processes},
    number    = {11},
    pages     = {643--648},
    publisher = {Elsevier},
    title     = {Guaranteed Steady-State Bounds for Uncertain Chemical
Processes},
    volume    = {42},
    year      = {2009}
}
@article{hasenauer2014method,
    author    = {Jan Hasenauer and Verena Wolf and Atefeh Kazeroonian
and Fabian J Theis},
    journal   = {Journal of Mathematical Biology},
    number    = {3},
    pages     = {687--735},
    publisher = {Springer},
    title     = {Method of Conditional Moments (\acsfont{MCM}) for the
Chemical Master Equation},
    volume    = {69},
    year      = {2014}
}
@article{hausdorff,
    author  = {Felix Hausdorff},
    journal = {Mathematische Zeitschrift},
    pages   = {74--109},
    title   = {Summationsmethoden und Momentfolgen},
    volume  = {9},
    year    = {1921}
}
@article{hayden2012fluid,
    author    = {Richard A Hayden and Anton Stefanek and Jeremy T
Brad\-ley},
    journal   = {Theoretical Computer Science},
    number    = {1},
    pages     = {106--141},
    publisher = {Elsevier},
    title     = {Fluid Computation of Pas\-sage-Time Distributions in
Large {M}ar\-kov Models},
    volume    = {413},
    year      = {2012}
}
@article{he2020seir,
    author    = {Shaobo He and Yuexi Peng and Kehui Sun},
    journal   = {Nonlinear Dynamics},
    pages     = {1--14},
    publisher = {Springer},
    title     = {{\acsfont{SEIR}} Modeling of the {\acsfont{COVID}-19}
and its Dynamics},
    year      = {2020}
}
@article{helmes2001computing,
    author    = {Kurt Helmes and Stefan R{\"o}hl and Richard H
Stockbridge},
    journal   = {Journal of Operations Research},
    number    = {4},
    pages     = {516--530},
    publisher = {\acsfont{INFORMS}},
    title     = {Computing Moments of the Exit Time Distribution for
{M}arkov Processes by Linear Programming},
    volume    = {49},
    year      = {2001}
}
@article{helmes2008geometrical,
    author    = {Kurt Helmes and Stefan R{\"o}hl},
    journal   = {Mathematics of Operations Research},
    number    = {2},
    pages     = {315--326},
    publisher = {\acsfont{INFORMS}},
    title     = {A Geometrical Characterization of Multidimensional
Hausdorff Polytopes with Applications to Exit Time
Problems},
    volume    = {33},
    year      = {2008}
}
@inproceedings{henzinger2009sliding,
    author    = {Thomas A Henzinger and Maria Mateescu and Verena
Wolf},
    booktitle = {International Conference on Computer Aided
Verification},
    pages     = {337--352},
    publisher = {Springer},
    series    = {Lecture {N}otes in {C}omputer {S}cience},
    title     = {Sliding Window Abstraction for Infinite {M}arkov
Chains},
    volume    = {5643},
    year      = {2009}
}
@inproceedings{hespanha2008moment,
    author       = {Jo{\~{a}}o P Hespanha},
    booktitle    = {2008 3rd International Symposium on Communications,
Control and Signal Processing},
    organization = {\acsfont{IEEE}},
    pages        = {142--147},
    title        = {Moment Closure for Biochemical Networks},
    year         = {2008}
}
@inproceedings{hinton2006prism,
    author    = {Andrew Hinton and Marta Kwiatkowska and Gethin Norman
and David Parker},
    booktitle = {International Conference on Tools and Algorithms for
the Construction and Analysis of Systems},
    pages     = {441--444},
    publisher = {Springer},
    title     = {\acsfont{PRISM}: A Tool for Automatic Verification of
Probabilistic Systems},
    year      = {2006}
}
@article{holtorf2021tighter,
    author  = {Holtorf, Flemming and Barton, Paul I},
    journal = {arXiv preprint arXiv:2104.01309},
    title   = {Tighter Bounds on Transient Moments of Stochastic Chemical Systems},
    year    = {2021}
}
@article{huang2016reconstructing,
    author    = {Lirong Huang and Lo{\"{i}}c Paulev{\'{e}} and
Christoph Zechner and Michael Unger and Anders Hansen
and Heinz Koeppl},
    journal   = {Journal of The Royal Society Interface},
    number    = {122},
    pages     = {20160533},
    publisher = {The Royal Society},
    title     = {Reconstructing Dynamic Molecular Sta\-tes from
Single-Cell Time Series},
    volume    = {13},
    year      = {2016}
}
@article{iyer2016first,
    author    = {Srividya Iyer-Biswas and Anton Zilman},
    journal   = {Advances in Chemical Physics},
    pages     = {261--306},
    publisher = {Wiley Online Library},
    title     = {First-Passage Processes in Cellular Biology},
    volume    = {160},
    year      = {2016}
}
@article{jahnke2007solving,
    author    = {Tobias Jahnke and Wilhelm Huisinga},
    journal   = {Journal of Mathematical Biology},
    number    = {1},
    pages     = {1--26},
    publisher = {Springer},
    title     = {Solving the Chemical Master Equation for
Mono\-mo\-le\-cu\-lar Reaction Systems Analytically},
    volume    = {54},
    year      = {2007}
}
@inproceedings{jegourel2013importance,
    author    = {J\'{e}gourel, Cyrille and Legay, Axel and Sedwards, Sean},
    booktitle = {International Conference on Computer Aided Verification},
    pages     = {576--591},
    publisher = {Springer},
    title     = {Importance Splitting for Statistical Model Checking Rare Properties},
    year      = {2013}
}
@inproceedings{kashima2009polynomial,
    author       = {Kenji Kashima and Reiichiro Kawai},
    booktitle    = {International joint Conference. Institute of Control,
Robotics and Systems and Society of Instrument and
Control Engineers},
    organization = {\acsfont{IEEE}},
    pages        = {3902--3907},
    title        = {Polynomial Programming Approach to Weak Approximation
of L{\'e}vy-Driven Stochastic Differential Equations
with Application to Option Pricing},
    year         = {2009}
}
@article{kazeroonian2014modeling,
    author    = {Atefeh Kazeroonian and Fabian J Theis and Jan
Hasenauer},
    journal   = {International Federation of Automatic Control
Proceedings Volumes},
    number    = {3},
    pages     = {1729--1735},
    publisher = {Elsevier},
    title     = {Modeling of Stochastic Biological Processes with
Non-Po\-ly\-no\-m\-ial Propensities Using Non-Central
Conditional Moment Equation},
    volume    = {47},
    year      = {2014}
}
@article{kim2020slack,
    author    = {Kim, Jinsu and Dark, Jason and Enciso, German and Sindi, Suzanne},
    journal   = {The Journal of Chemical Physics},
    number    = {5},
    pages     = {054117},
    publisher = {\acsfont{AIP} Publishing},
    title     = {Slack Reactants: A State-Space Truncation Framework to Estimate Quantitative Behavior of the Chemical Master Equation},
    volume    = {153},
    year      = {2020}
}
@article{knuth1993johann,
    author  = {Donald E Knuth},
    journal = {Mathematics of Computation},
    number  = {203},
    pages   = {277--294},
    title   = {Johann Faulhaber and Sums of Powers},
    volume  = {61},
    year    = {1993}
}
@book{kroese2013handbook,
    author    = {Dirk P Kroese and Thomas Taimre and Zdravko I Botev},
    publisher = {John Wiley \& Sons},
    series    = {Wiley Series in Probability and Statistics},
    title     = {Handbook of Monte Carlo Methods},
    volume    = {706},
    year      = {2011}
}
@article{kuntz2017rigorous,
    author    = {Guy-Bart {Kuntz, Juan and Thomas, Philipp and stan}
and Mauricio Barahona},
    journal   = {The Journal of Chemical Physics},
    number    = {3},
    pages     = {034109},
    publisher = {\acsfont{AIP} Publishing},
    title     = {Bounding the Stationary Distributions of the Chemical
Master Equation via Mathematical Programming},
    volume    = {151},
    year      = {2019}
}
@article{kuntz2019exit,
    author    = {Juan Kuntz and Philipp Thomas and Guy-Bart Stan and
Mauricio Barahona},
    journal   = {\acsfont{SIAM} Journal on Scientific Computing},
    number    = {2},
    pages     = {A748--A769},
    publisher = {\acsfont{SIAM}},
    title     = {The Exit Time Finite State Projection Scheme: Bounding
Exit distributions and Occupation Measures of
Con\-tin\-uo\-us-time {M}arkov Chains},
    volume    = {41},
    year      = {2019}
}
@article{kuntz2021approximations,
    author    = {Juan Kuntz and Philipp Thomas and Guy-Bart Stan and
Mauricio Barahona},
    journal   = {\acsfont{SIAM} Journal on Optimization},
    number    = {1},
    pages     = {604--625},
    publisher = {\acsfont{SIAM}},
    title     = {Approximations of Countably Infinite Linear Programs
over Boun\-ded Measure Spaces},
    volume    = {31},
    year      = {2021}
}
@article{kuntz2021stationary,
    author    = {Juan Kuntz and Philipp Thomas and Guy-Bart Stan and
Mauricio Barahona},
    journal   = {\acsfont{SIAM} Review},
    number    = {1},
    pages     = {3--64},
    publisher = {\acsfont{SIAM}},
    title     = {Stationary Distributions of Continuous-Time {M}arkov
Chains: A Review of Theory and Truncation-Based
Approximations},
    volume    = {63},
    year      = {2021}
}
@article{kurasov2018stochastic,
    author    = {Pavel Kurasov and Alexander L{\"u}ck and Delio Mugnolo
and Verena Wolf},
    journal   = {Mathematical Biosciences},
    pages     = {170--177},
    publisher = {Elsevier},
    title     = {Stochastic Hybrid Models of Gene Regulatory
Networks -- A {\acsfont{PDE}} Approach},
    volume    = {305},
    year      = {2018}
}
@book{kurtz1981approximation,
    author    = {Thomas G Kurtz},
    publisher = {\acsfont{SIAM}},
    series    = {Regional Conference Series in Applied Mathematics},
    title     = {Approximation of Population Processes},
    volume    = {36},
    year      = {1981}
}
@article{kuwahara2008efficient,
    author    = {Hiroyuki Kuwahara and Ivan Mura},
    journal   = {The Journal of Chemical Physics},
    number    = {16},
    pages     = {10B619},
    publisher = {\acsfont{AIP}},
    title     = {An Efficient and Exact Stochastic Simulation Method to
Analyze Rare Events in Biochemical Systems},
    volume    = {129},
    year      = {2008}
}
@inproceedings{kwiatkowska2011prism,
    author    = {Marta Kwiatkowska and Gethin Norman and David Parker},
    booktitle = {International Conference on Computer Aided
Verification},
    pages     = {585--591},
    publisher = {Springer},
    series    = {Lecture Notes in Computer Science},
    title     = {\acsfont{PRISM} 4.0: Verification of Probabilistic
Real-Time Systems},
    volume    = {2324},
    year      = {2011}
}
@inproceedings{l1994efficiency,
    author       = {Pierre L'Ecuyer},
    booktitle    = {26th Conference on Winter Simulation},
    organization = {Society for Computer Simulation International},
    pages        = {122--132},
    title        = {Efficiency Improvement and Variance Reduction},
    year         = {1994}
}
@inproceedings{lapin2011shave,
    author    = {Maksim Lapin and Linar Mikeev and Verena Wolf},
    booktitle = {14th International Conference on Hybrid Systems:
Computation and Control},
    pages     = {311--312},
    title     = {{\acsfont{SHAVE}}: Stochastic Hybrid Analysis of
{Markov} Population Models},
    year      = {2011}
}
@article{lasserre2006pricing,
    author    = {Jean-Bernard Lasserre and Tom{\'{a}}s Prieto-Rumeau
and Mihail Zervos},
    journal   = {Mathematical Finance},
    number    = {3},
    pages     = {469--494},
    publisher = {Wiley Online Library},
    title     = {Pricing a Class of Exotic Options via Moments and
\acsfont{SDP} Relaxations},
    volume    = {16},
    year      = {2006}
}
@book{lasserre2010moments,
    author    = {Jean-Bernard Lasserre},
    publisher = {World Scientific},
    title     = {Moments, Positive Polynomials and their Applications},
    volume    = {1},
    year      = {2010}
}
@article{lavenberg1982statistical,
    author    = {Stephen S Lavenberg and Thomas L Moeller and Peter D
Welch},
    journal   = {Operations Research},
    number    = {1},
    pages     = {182--202},
    publisher = {\acsfont{INFORMS}},
    title     = {Statistical Results on Control Variables with
Application to Queueing Network Simulation},
    volume    = {30},
    year      = {1982}
}
@article{lipshtat2006genetic,
    author    = {Azi Lipshtat and Adiel Loinger and Nathalie Q Balaban
and Ofer Biham},
    journal   = {Physical Review Letters},
    number    = {18},
    pages     = {188101},
    publisher = {\acsfont{APS}},
    title     = {Genetic Toggle Switch without Cooperative Binding},
    volume    = {96},
    year      = {2006}
}
@article{loinger2007stochastic,
    author    = {Adiel Loinger and Azi Lipshtat and Nathalie Q Balaban
and Ofer Biham},
    journal   = {Physical Review E},
    number    = {2},
    pages     = {021904},
    publisher = {\acsfont{APS}},
    title     = {Stochastic Simulations of Genetic Switch Systems},
    volume    = {75},
    year      = {2007}
}
@book{lotka1925elements,
    author    = {Lotka, Alfred James},
    publisher = {Williams \& Wilkins},
    title     = {Elements of Physical Biology},
    year      = {1925}
}
@article{mateescu2010fast,
    author    = {Maria Mateescu and Verena Wolf and Frederic Didier and
Thomas A Henzinger},
    journal   = {\acsfont{IET} Systems Biology},
    number    = {6},
    pages     = {441--452},
    publisher = {\acsfont{IET}},
    title     = {Fast Adaptive Uniformisation of the Chemical Master
Equation},
    volume    = {4},
    year      = {2010}
}
@book{mcbook,
    author = {Art B Owen},
    title  = {Monte Carlo Theory, Methods and Examples},
    year   = {2013}
}
@article{melykuti2014equilibrium,
    author    = {Bence M{\'e}lyk{\'u}ti and Jo{\~{a}}o P Hespanha and
Mustafa Khammash},
    journal   = {Journal of The Royal Society Interface},
    number    = {97},
    pages     = {20140054},
    publisher = {The Royal Society},
    title     = {Equilibrium Distributions of Simple Biochemical
Reaction Systems for Time-Scale Separation in
Stochastic Reaction Networks},
    volume    = {11},
    year      = {2014}
}
@article{meyn1993stability,
    author    = {Sean P Meyn and Richard L Tweedie},
    journal   = {Advances in Applied Probability},
    pages     = {518--548},
    publisher = {\acsfont{JSTOR}},
    title     = {Stability of {Markovian} Processes {III}:
{Foster-Lyapun\-ov} Criteria for Continuous-Time
Processes},
    year      = {1993}
}
@article{meyn1994computable,
    author    = {Sean P Meyn and Richard L Tweedie and others},
    journal   = {The Annals of Applied Probability},
    number    = {4},
    pages     = {981--1011},
    publisher = {Institute of Mathematical Statistics},
    title     = {Computable Bounds for Geometric Convergence Rates of
{M}arkov Chains},
    volume    = {4},
    year      = {1994}
}
@book{meyn2012markov,
    author    = {Sean P Meyn and Richard L Tweedie},
    publisher = {Springer},
    title     = {Markov Chains and Stochastic Stability},
    year      = {2012}
}
@inproceedings{mikeev2011efficient,
    author    = {Linar Mikeev and Werner Sandmann and Verena Wolf},
    booktitle = {5th International \acsfont{ICST} Conference on
Performance Evaluation Methodologies and Tools},
    pages     = {186--196},
    title     = {Efficient Calculation of Rare Event Probabilities in
{M}arkovian Queueing Networks},
    year      = {2011}
}
@article{mikeev2013fly,
    author    = {Linar Mikeev and Martin R Neuh{\"a}u{\ss}er and David
Spieler and Verena Wolf},
    journal   = {Formal Methods in System Design},
    number    = {2},
    owner     = {wolf},
    pages     = {313--337},
    publisher = {Springer},
    timestamp = {2019.10.16},
    title     = {On-the-Fly Verification and Optimization of
\acsfont{DTA}-Properties for Large {M}arkov Chains},
    volume    = {43},
    year      = {2013}
}
@inproceedings{mikeev2013numerical,
    author    = {Linar Mikeev and Werner Sandmann and Verena Wolf},
    booktitle = {International Conference on Computational Methods in
Systems Biology},
    pages     = {5--18},
    publisher = {Springer},
    series    = {Lecture Notes in Computer Science},
    title     = {Numerical Approximation of Rare Event Probabilities in
Biochemically Reacting Systems},
    volume    = {8130},
    year      = {2013}
}
@article{mikeev2019approximate,
    author  = {Linar Mikeev and Werner Sandmann},
    journal = {arXiv preprint arXiv:1907.10245},
    title   = {Approximate Numerical Integration of the Chemical
Master Equation for Stochastic Reaction Networks},
    year    = {2019}
}
@inproceedings{milias2014optimization,
    author       = {Andreas Milias-Argeitis and Mustafa Khammash},
    booktitle    = {53rd \acsfont{IEEE} Conference on Decision and
Control},
    organization = {\acsfont{IEEE}},
    pages        = {4617--4622},
    title        = {Op\-ti\-mi\-za\-tion-Based {Lyapunov} Function
Construction for Con\-tin\-uo\-us-Time {Markov} Chains
with Affine Transition Rates},
    year         = {2014}
}
@article{milner2013moment,
    author    = {Peter Milner and Colin S Gillespie and Darren J
Wilkinson},
    journal   = {Statistics and Computing},
    number    = {2},
    pages     = {287--295},
    publisher = {Springer},
    title     = {Moment Closure Based Parameter Inference of Stochastic
Kinetic Models},
    volume    = {23},
    year      = {2013}
}
@software{mjp_bridging,
    author  = {Michael Backenk{\"{o}}hler},
    title   = {\acsfont{MJP} Aggregation and Bridging Code},
    url     = {https://www.github.com/mbackenkoehler/mjp_bridging},
    urldate = {\today},
    year    = {2020}
}
@book{mode2000stochastic,
    author    = {Charles J Mode and Candace K Sleeman},
    publisher = {World Scientific},
    title     = {Stochastic Processes in Epidemiology:
\acsfont{HIV}/\acsfont{AIDS}, Other Infectious
Diseases, and Computers},
    year      = {2000}
}
@article{mollison1991dependence,
    author    = {Mollison, Denis},
    journal   = {Mathematical biosciences},
    number    = {2},
    pages     = {255--287},
    publisher = {Elsevier},
    title     = {Dependence of Epidemic and Population Velocities on Basic Parameters},
    volume    = {107},
    year      = {1991}
}
@manual{mosek,
    author  = {{\relax \acsfont{MOSEK ApS}}},
    title   = {\acsfont{MOSEK} Optimizer \acsfont{API} for
\acsfont{C} 8.1.0.67},
    url     = {https://docs.mosek.com/8.1/capi/index.html},
    urldate = {\today},
    year    = {2018}
}
@article{munsky2006finite,
    author    = {Brian Munsky and Mustafa Khammash},
    journal   = {The Journal of Chemical Physics},
    number    = {4},
    pages     = {044104},
    publisher = {\acsfont{AIP}},
    title     = {The Finite State Projection Algorithm for the Solution
of the Chemical Master Equation},
    volume    = {124},
    year      = {2006}
}
@article{munsky2009specificity,
    author    = {Brian Munsky and Ilya Nemenman and Golan Bel},
    journal   = {The Journal of Chemical Physics},
    number    = {23},
    pages     = {12B616},
    publisher = {\acsfont{AIP}},
    title     = {Specificity and Completion Time Distributions of
Biochemical Processes},
    volume    = {131},
    year      = {2009}
}
@article{nelson1990control,
    author    = {Barry L Nelson},
    journal   = {Operations Research},
    number    = {6},
    pages     = {974--992},
    publisher = {\acsfont{INFORMS}},
    title     = {Control Variate Remedies},
    volume    = {38},
    year      = {1990}
}
@inproceedings{neupane2019stamina,
    author    = {Thakur Neupane and Chris J Myers and Curtis Madsen and
Hao Zheng and Zhen Zhang},
    booktitle = {International Conference on Computer Aided
Verification},
    pages     = {540--549},
    publisher = {Springer},
    series    = {Lecture {N}otes in {C}omputer {S}cience},
    title     = {\acsfont{STAMINA}: {STochastic} Approximate
Model-Checker for {IN\-finite-state} Analysis},
    volume    = {11561},
    year      = {2019}
}
@article{numpy,
    author  = {Charles R Harris and K Jarrod Millman and St{\'{e}}fan
J van der Walt and Ralf Gommers and Pauli Virtanen and
David Cournapeau and Eric Wieser and Julian Taylor and
Sebastian Berg and Nathaniel J Smith and Robert Kern
and Matti Picus and Stephan Hoyer and Marten H van
Kerkwijk and Matthew Brett and Allan Haldane and Jaime
Fern{\'{a}}ndez del R{\'{o}} and Mark Wiebe and Pearu
Peterson and Pierre G{\'{e}}rard-Marchant and Kevin
Sheppard and Tyler Reddy and Warren Weckesser and
Hameer Abbasi and Christoph Gohlke and Travis E
Oliphant},
    journal = {Nature},
    pages   = {357--362},
    title   = {Array Programming with {NumPy}},
    volume  = {585},
    year    = {2020}
}
@book{pardoux2008markov,
    author    = {{\'{E}}tienne Pardoux},
    publisher = {John Wiley \& Sons},
    title     = {{M}arkov Processes and Applications: Algorithms,
Networks, Genome and Finance},
    volume    = {796},
    year      = {2008}
}
@article{parrilo2003semidefinite,
    author    = {Pablo A Parrilo},
    journal   = {Mathematical Programming},
    number    = {2},
    pages     = {293--320},
    publisher = {Springer},
    title     = {Semidefinite Programming Relaxations for Semialgebraic
Problems},
    volume    = {96},
    year      = {2003}
}
@article{porter2016dynamical,
    author    = {Mason A Porter and James P Gleeson},
    journal   = {Frontiers in Applied Dynamical Systems: Reviews and
Tutorials},
    owner     = {wolf},
    publisher = {Springer},
    timestamp = {2019.10.16},
    title     = {Dynamical Systems on Networks},
    volume    = {4},
    year      = {2016}
}
@software{pysr,
    author    = {Miles Cranmer},
    publisher = {Zenodo},
    title     = {\acsfont{PySR}: Fast \& Parallelized Symbolic Regression in Python/Julia},
    url       = {http://doi.org/10.5281/zenodo.4041459},
    year      = {2020}
}
@article{rabiner1986introduction,
    author    = {Lawrence R Rabiner and Biing-Hwang Juang},
    journal   = {\acsfont{IEEE} \acsfont{ASSP} Magazine},
    number    = {1},
    pages     = {4--16},
    publisher = {\acsfont{IEEE}},
    title     = {An Introduction to Hidden {M}arkov Models},
    volume    = {3},
    year      = {1986}
}
@article{roh2011state,
    author    = {Min K Roh and Bernie J {Diagle Jr} and Dan T Gillespie
and Linda R Petzold},
    journal   = {The Journal of Chemical Physics},
    number    = {23},
    pages     = {234108},
    publisher = {American Institute of Phsysics},
    title     = {State-Dependent Doubly Weighted Stochastic Simulation
Algorithm for Automatic Characterization of Stochastic
Biochemical Rare Events},
    volume    = {135},
    year      = {2011}
}
@inproceedings{sakurai2017convex,
    author       = {Yuta Sakurai and Yutaka Hori},
    booktitle    = {56th Conference on Decision and Control},
    organization = {\acsfont{IEEE}},
    pages        = {1206--1211},
    title        = {A Convex Approach to Steady State Moment Analysis for
Stochastic Chemical Reactions},
    year         = {2017}
}
@article{sakurai2019bounding,
    author    = {Yuta Sakurai and Yutaka Hori},
    journal   = {\acsfont{IEEE} Control Systems Letters},
    number    = {2},
    pages     = {290--295},
    publisher = {\acsfont{IEEE}},
    title     = {Bounding Transient Moments of Stochastic Chemical
Reactions},
    volume    = {3},
    year      = {2019}
}
@book{sarkka2013bayesian,
    author    = {Simo S{\"a}rkk{\"a}},
    publisher = {Cambridge University Press},
    title     = {Bayes\-ian Filtering and Smoothing},
    volume    = {3},
    year      = {2013}
}
@article{schnoerr2014validity,
    author    = {David Schnoerr and Guido Sanguinetti and Ramon Grima},
    journal   = {The Journal of Chemical Physics},
    number    = {8},
    pages     = {08B616\_1},
    publisher = {American Institute of Physics},
    title     = {Validity Conditions for Moment Closure Approximations
in Stochastic Chemical Kinetics},
    volume    = {141},
    year      = {2014}
}
@article{schnoerr2015,
    author    = {David Schnoerr and Guido Sanguinetti and Ramon Grima},
    journal   = {The Journal of Chemical Physics},
    number    = {18},
    pages     = {185101},
    publisher = {\acsfont{AIP} Publishing},
    title     = {Comparison of Different Mom\-ent-Closure
Approximations for Stochastic Chemical Kinetics},
    volume    = {143},
    year      = {2015}
}
@article{schnoerr2017efficient,
    author    = {David Schnoerr and Botond Cseke and Ramon Grima and
Guido Sanguinetti},
    issue     = {21},
    journal   = {Physical Review Letters},
    month     = nov,
    numpages  = {6},
    pages     = {210601},
    publisher = {American Physical Society},
    title     = {Efficient Low-Order Approximation of First-Passage
Time Distributions},
    volume    = {119},
    year      = {2017}
}
@article{schnoerr2017survey,
    author  = {David Schnoerr and Guido Sanguinetti and Ramon Grima},
    journal = {Journal of Physics A: Mathematical and Theoretical},
    number  = {9},
    pages   = {093001},
    title   = {Approximation and Inference Methods for Stochastic
Biochemical {Kinetics—A} Tutorial Review},
    volume  = {50},
    year    = {2017}
}
@article{schweitzer1991survey,
    author  = {Paul J Schweitzer},
    journal = {Numerical Solution of {M}arkov Chains},
    pages   = {63--88},
    title   = {A Survey of Aggregation-Dis\-ag\-gregat\-ion in Large
{M}arkov Chains},
    volume  = {8},
    year    = {1991}
}
@software{scs,
    author  = {B. O'Donoghue and E. Chu and N. Parikh and S. Boyd},
    month   = nov,
    title   = {{\acsfont{SCS}}: Splitting Conic Solver, version
2.1.0},
    url     = {https://github.com/cvxgrp/scs},
    urldate = {\today},
    year    = {2017}
}
@article{siegal2011emergence,
    author    = {Dan Siegal-Gaskins and Maria K Mejia-Guer\-ra and
Gregory D Smith and Erich Grotewold},
    journal   = {\acsfont{PLoS} Computational Biology},
    number    = {5},
    pages     = {e1002039},
    publisher = {Public Library of Science},
    title     = {Emergence of Switch-Like Behavior in a Large Family of
Simple Biochemical Networks},
    volume    = {7},
    year      = {2011}
}
@inproceedings{singh2006lognormal,
    author       = {Abhyudai Singh and Jo{\~{a}}o P Hespanha},
    booktitle    = {45th \acsfont{IEEE} Conference on Decision and
Control},
    organization = {\acsfont{IEEE}},
    pages        = {2063--2068},
    title        = {Lognormal moment closures for Biochemical reactions},
    year         = {2006}
}
@inproceedings{spieler2014model,
    author    = {David Spieler and Ernst Moritz Hahn and Lijun Zhang},
    booktitle = {Twelfth International Workshop on Quantitative Aspects
of Programming Languages and Systems},
    pages     = {93--107},
    series    = {\acsfont{EPTCS}},
    title     = {Model Checking \acsfont{CSL} for Markov Population
Models},
    volume    = {154},
    year      = {2014}
}
@phdthesis{spieler2014numerical,
    author = {David Spieler},
    school = {Saarland University},
    title  = {Numerical Analysis of Long-Run Properties for {Markov}
Population Models},
    year   = {2014}
}
@article{stamatakis2009comparison,
    author    = {Michail Stamatakis and Nikos V Mantzaris},
    journal   = {Biophysical Journal},
    number    = {3},
    pages     = {887--906},
    publisher = {Elsevier},
    title     = {Comparison of Deterministic and Stochastic Models of
the Lac Operon Genetic Network},
    volume    = {96},
    year      = {2009}
}
@article{stekel2008strong,
    author    = {Dov J Stekel and Dafyd J Jenkins},
    journal   = {\acsfont{BMC} Systems Biology},
    number    = {1},
    pages     = {6},
    publisher = {BioMed Central},
    title     = {Strong Negative Self Regulation of Prokaryotic
Transcription Factors Increases the Intrinsic Noise of
Protein Expression},
    volume    = {2},
    year      = {2008}
}
@book{stewart1994introduction,
    author    = {William J Stewart},
    publisher = {Princeton University Press},
    title     = {Introduction to the Numerical Solution of {M}arkov
Chains},
    year      = {1994}
}
@book{stewart2009probability,
    author    = {William J Stewart},
    publisher = {Princeton University Press},
    title     = {Probability, {M}arkov Chains, Queues, and Simulation:
the Mathematical Basis of Performance Modeling},
    year      = {2009}
}
@article{strasser2012stability,
    author    = {Michael Strasser and Fabian J Theis and Carsten Marr},
    journal   = {Biophysical Journal},
    number    = {1},
    pages     = {19--29},
    publisher = {Elsevier},
    title     = {Stability and Multiattractor Dynamics of a Toggle
Switch Based on a Two-Stage Model of Stochastic Gene
Expression},
    volume    = {102},
    year      = {2012}
}
@article{sympy,
    author  = {Aaron Meurer and Christopher P Smith and Mateusz
Paprocki and Ond\v{r}ej \v{C}ert\'{i}k and Sergey B
Kirpichev and Matthew Rocklin and AMiT Kumar and Sergiu
Ivanov and Jason K Moore and Sartaj Singh and Thilina
Rathnayake and Sean Vig and Brian E Granger and
Richard P Muller and Francesco Bonazzi and Harsh Gupta
and Shivam Vats and Fredrik Johansson and Fabian
Pedregosa and Matthew J Curry and Andy R Terrel and
\v{S}t\v{e}p\'{a}n Rou\v{c}ka and Ashutosh Saboo and
Isuru Fernando and Sumith Kulal and Robert Cimrman and
Anthony Scopatz},
    issn    = {2376-5992},
    journal = {PeerJ Computer Science},
    month   = january,
    pages   = {e103},
    title   = {{SymPy}: Symbolic Computing in Python},
    volume  = {3},
    year    = {2017}
}
@inproceedings{szechtman2003control,
    author       = {Roberto Szechtman},
    booktitle    = {35th Conference on Winter Simulation: Driving
Innovation},
    organization = {Winter Simulation Conference},
    pages        = {144--149},
    title        = {Control Variate Techniques for Mon\-te Carlo
Simulation},
    year         = {2003}
}
@article{tweedie_1975,
    author    = {Richard L Tweedie},
    journal   = {Mathematical Proceedings of the Cambridge
Philosophical Society},
    number    = {1},
    pages     = {125--136},
    publisher = {Cambridge University Press},
    title     = {Sufficient Conditions for Regularity, Recurrence and
Ergodicity of Markov Processes},
    volume    = {78},
    year      = {1975}
}
@article{van1992bi,
    author    = {Henk A {Van der Vorst}},
    journal   = {\acsfont{SIAM} Journal on scientific and Statistical
Computing},
    number    = {2},
    pages     = {631--644},
    publisher = {\acsfont{SIAM}},
    title     = {\acsfont{Bi-CGSTAB}: A Fast and Smoothly Converging
Variant of \acsfont{Bi-CG} for the Solution of
Nonsymmetric Linear Systems},
    volume    = {13},
    year      = {1992}
}
@book{van1992stochastic,
    author    = {Nicolaas Godfried Van Kampen},
    publisher = {Elsevier},
    title     = {Stochastic Processes in Physics and Chemistry},
    volume    = {1},
    year      = {1992}
}
@software{vandenberghe2010cvxopt,
    author  = {Lieven Vandenberghe},
    title   = {The \acsfont{CVXOPT} Linear and Qua\-dra\-tic Cone
Program Solvers},
    url     = {http://cvxopt.org/documentation/coneprog.pdf},
    urldate = {\today},
    year    = {2010}
}
@inproceedings{villen1994restart,
    author       = {Vill{\'e}n-Altamirano, Manuel and Vill{\'e}n-Altamirano, Jos{\'e}},
    booktitle    = {Proceedings of Winter Simulation Conference},
    organization = {\acsfont{IEEE}},
    pages        = {282--289},
    title        = {\acsfont{RESTART}: A Straightforward Method for Fast Simulation of Rare Events},
    year         = {1994}
}
@inproceedings{wildner2019moment,
    author       = {Christian Wildner and Heinz Koeppl},
    booktitle    = {International Conference on Machine Learning},
    organization = {\acsfont{PMLR}},
    pages        = {6766--6775},
    title        = {Mom\-ent-Based Variational Inference for {M}arkov Jump
Processes},
    year         = {2019}
}
@book{wilkinson2018stochastic,
    author    = {Darren J Wilkinson},
    publisher = {\acsfont{CRC} press},
    title     = {Stochastic Modelling for Systems Biology},
    year      = {2018}
}
@article{wilson1984variance,
    author    = {James R Wilson},
    journal   = {American Journal of Mathematical and Management
Sciences},
    number    = {3-4},
    pages     = {277--312},
    publisher = {Taylor \& Francis},
    title     = {Variance Reduction Techniques for Digital Simulation},
    volume    = {4},
    year      = {1984}
}
@inproceedings{zapreev2006safe,
    author    = {Ivan Zapreev and Joost-Pieter Katoen},
    booktitle = {Third International Conference on the Quantitative
Evaluation of Systems},
    pages     = {301--310},
    publisher = {\acsfont{IEEE}},
    title     = {Safe On-the-Fly Stea\-dy-State Detection for
Time-Bounded Reachability},
    year      = {2006}
}
