@article{eig_eiggrossmann2021gina,
	title={GINA: Neural Relational Inference From Independent Snapshots},
  author={Gro{\ss}mann, Gerrit and Zimmerlin, Julian and Backenk{\"o}hler, Michael and Wolf, Verena},
  year={2021},
    Eprint = {arXiv:2105.14329},
    volume={(under review)},
}


@inproceedings{eig_grossmannlearning,
  title={Learning Vaccine Allocation from Simulations},
  author={Gro{\ss}mann, Gerrit and Backenk{\"o}hler, Michael and Klesen, Jonas and Wolf, Verena},
  year={2020},
  booktitle={The 9th International Conference on Complex Networks and their Applications},
  publisher={Springer},
  pages={432-443},
  series={SCI},
  volume={943},
}

@inproceedings{eig_backenkohler2020analysis,
  title={Analysis of {Markov} Jump Processes under Terminal Constraints},
  author={Backenk{\"o}hler, Michael and Bortolussi, Luca and Gro{\ss}mann, Gerrit and Wolf, Verena},
  booktitle={27th International Conference on Tools and Algorithms for the Construction and Analysis of Systems (TACAS)},
  pages={210-229},
  series={LNCS},
  volume={1265},
  publisher={Springer},
  year={2021},
}


@inproceedings{eig_backenkohler2016generalized,
    title={Generalized Method of Moments for Stochastic Reaction Networks in Equilibrium},
    author={Backenk{\"o}hler, Michael and Bortolussi, Luca and Wolf, Verena},
    booktitle={International Conference on Computational Methods in Systems Biology (CMSB)},
    pages={15-29},
    year={2016},
    series={LNCS},
    volume={9859},
    organization={Springer}
}

@article{eig_TCBB2017,
    title={Mom\-ent-Based Parameter Estimation for Stochastic Reaction Networks in Equilibrium},
    author={Backenk{\"o}hler, Michael and Bortolussi, Luca and Wolf, Verena},
    journal={IEEE/ACM Transactions on Computational Biology and Bioinformatics},
    volume={15},
    pages={1180-1192},
    number={4},
    year={2017},
}

@inproceedings{eig_backenkoehler2017student,
    title={Student performance prediction and optimal course selection: An {MDP}
        approach},
    author={Backenk{\"o}hler, Michael and Wolf, Verena},
    booktitle={6th International Symposium ``From Data to Models and Back
        (DataMod)'' (SEFM)},
    publisher={Springer},
    pages={40-47},
    series={LNCS},
    volume={10729},
    year={2017},
}

@inproceedings{eig_EDM18,
    title={Data-Driven Approach Towards a Personalized Curriculum},
    author={Backenk{\"o}hler, Michael and Scherzinger, Felix and Singla, Adish and Wolf, Verena},
    booktitle={11th International Conference on Educational Data Mining (EDM)},
    series={Proceedings},
    pages={246-251},
    year={2018},
    organization={International Educational Data Mining Society},
}

@inproceedings{eig_backenkohler2019control,
    Author = {Michael Backenk{\"{o}}hler and Luca Bortolussi and Verena Wolf},
    Title = {Control Variates for Stochastic Simulation of Chemical Reaction Networks},
    Year = {2019},
    Eprint = {arXiv:1905.00854},
    publisher={Springer},
    series={LNCS},
    pages={42-59},
    volume={11773},
    booktitle={17th International Conference on Computational Methods in Systems Biology (CMSB)},
}

@inproceedings{eig_covid,
    author    = {Gerrit Gro{\ss}mann and Michael Backenk{\"{o}}hler and Verena Wolf},
    title     = {Importance of Interaction Structure and Stochasticity for Epidemic Spreading: A {COVID-19} Case Study},
    year      = {2020},
    publisher={Springer},
    url       = {http://arxiv.org/abs/1910.12562},
    booktitle ={17th International Conference on Quantitative Evaluation of SysTems (QEST)},
    series={LNCS},
    volume={12289},
    pages={211-229},
}

@inproceedings{eig_bounding_mfpt,
    author    = {Michael Backenk{\"{o}}hler and Luca Bortolussi and Verena Wolf},
    title     = {Bounding Mean First Passage Times in Population Continuous-Time {Markov} Chains},
    year      = {2020},
    publisher={Springer},
    series={LNCS},
    pages={155-174},
    volume={12289},
    url       = {http://arxiv.org/abs/1910.12562},
    booktitle ={17th International Conference on Quantitative Evaluation of SysTems (QEST)}
}

@article{eig_ode_fail,
    author    = {Gerrit Gro{\ss}mann and Michael Backenk{\"{o}}hler and Verena Wolf},
    title={Why ODE models for COVID-19 fail: Heterogeneity shapes epidemic dynamics},
    doi={https://doi.org/10.1101/2021.03.25.21254292},
    journal={medRxiv},
    url={https://www.medrxiv.org/content/10.1101/2021.03.25.21254292v1},
    volume={(under review)},
    year={2021},
}

@article{eig_stationary_truncation,
    author    = {Michael Backenk{\"{o}}hler and Luca Bortolussi and Gerrit Gro{\ss}mann and Verena Wolf},
    title={Abstraction-Guided Truncations for Stationary Distributions of Markovian Population Models},
    volume={(under review)},
    year={2021},
}

